@ARTICLE{Lamport1986,
   author = {L[eslie] A. Lamport},
   title = {The Gnats and Gnus Document Preparation System},
   journal = {G-Animal's Journal},
   year = 1986,
   volume = 41,
   number = 7,
   pages = "73+",
   month = jul,
}
@online{InfobaseAutoTrans,
    title = "Automatic Transmission Technology [Video file]",
    year = "2012",
    url = "http://fod.infobase.com/PortalPlaylists.aspx?wID=102714&xtid=4386"
}
@online{CaseySyms,
    author = "Brendan Casey",
    title = "Symptoms of Common Hydraulic Problems and Their Root Causes",
    year = "2003",
    url = "http://www.machinerylubrication.com/Read/531/hydraulic-root-causes"
}
@online{SISCat,
    author = "Caterpillar",
    title = "Service Information System: 637G Wheel Scraper AWE",
    year = "2014",
    url = "https://sis.cat.com/sisweb/servlet/cat.cis.sis.Pcontroller.CSSISConfigServlet"
}
@book{DodPracHyd,
    author = "Ravi Doddannavar and Andries Barnard",
    title = "Practical Hydraulic Systems: Operation and Troubleshooting for Engineers and Technicians",
    year = "2005",
    publisher="Boston, USA: Oxford"
}
@book{GOAHyd,
    title = "Government of Alberta [GOA]. Hydraulic system testing and service (190301h) [Individual Learning Modules]",
    year = "2016",
    publisher="Edmonton, Canada: Queen’s printer"
}
@book{GOASspns,
    title = "Government of Alberta [GOA]. Suspension system fundamentals and service (190302b) [Individual Learning Modules]",
    year = "2016",
    publisher="Edmonton, Canada: Queen’s printer"
}
@book{GOATorq,
    title = "Government of Alberta [GOA]. Torque Converter Fundamentals and Services (190303b) [Individual Learning Modules]",
    year = "2016",
    publisher="Edmonton, Canada: Queen’s printer"
}
@book{JDPwrTr,
    title = "Power Trains: A Service, Testing and Maintenance guide for Power Trains in Off-road Vehicles, Trucks, and Buses",
    year = "2005",
    publisher = "Moline, IL: Deere & Co."
}
@book{SMTHIndst,
    author = "Ricky Smith and R. Keith Mobley",
    title = "Industrial machinery repair: Best maintenance practices pocket guide",
    year = "2003",
    publisher = "Amsterdam, Netherlands: Butterworth-Heinem"
}
@online{THMPIndst,
    author = "Thompson Agriculture",
    title = "Caterpillar 637G Scraper [Photograph]",
    year = "n.d.",
    url = "http://www.thompsonagriculture.com/new/cat-products/wheel-tractor-scrapers/637g-wheel-tractor-scraper"
}
@book{AnglMdrndsl,
    author = "Angelo Spano, Robert Huzij, and Sean Bennett",
    title = "Modern diesel technology. Heavy equipment systems",
    year = "2013",
    publisher = "Clifton Park, NY: Delmar/Cengage Learning",
}
@book{RLMBldng,
    author = "Eric C. Orlemann",
    title = "Building giant earthmovers",
    year = "2000",
    publisher = "Osceola, WI: MBI",
}
@book{KthGnterth,
    author = "Keith Haddock",
    title = "Giant Earth Movers: An Illustrated History",
    year = "1988",
    publisher = "Osceola, WI: MBI",
}
@online{DTMTrmy,
    title = "Earthmoving Operations",
    year = "2000",
    url = "http://www.google.ca/url?q=http://www.globalsecurity.org/military/library/policy/army/fm/5-434/fm5-434.pdf"
}
@online{hvyqpmtrg,
    title = "637G wheel tractor-scraper with C-9 engine",
    year = "2000",
    url = "http://www.heavyequipments.org/blog/203-manual-cat-637g-wheel-tractor-scraper-components-systems-operation"
}
